<?xml version="1.0" encoding="UTF-8"?><record xmlns="http://www.loc.gov/MARC21/slim" xmlns:cinclude="http://apache.org/cocoon/include/1.0" xmlns:zs="http://www.loc.gov/zing/srw/">
  <leader>00630nz  a2200157n  4500</leader>
  <controlfield tag="001">nb2012004349</controlfield>
  <controlfield tag="003">DLC</controlfield>
  <controlfield tag="005">20120217075159.0</controlfield>
  <controlfield tag="008">120215n| acannaabn          |a aaa      </controlfield>
  <datafield tag="010" ind1=" " ind2=" ">
    <subfield code="a">nb2012004349</subfield>
  </datafield>
  <datafield tag="035" ind1=" " ind2=" ">
    <subfield code="a">(Uk)008396501</subfield>
  </datafield>
  <datafield tag="040" ind1=" " ind2=" ">
    <subfield code="a">Uk</subfield>
    <subfield code="b">eng</subfield>
    <subfield code="c">Uk</subfield>
  </datafield>
  <datafield tag="100" ind1="1" ind2=" ">
    <subfield code="a">García Gómez-Tejedor, Gustavo</subfield>
  </datafield>
  <datafield tag="400" ind1="1" ind2=" ">
    <subfield code="a">Gómez-Tejedor, Gustavo García</subfield>
  </datafield>
  <datafield tag="400" ind1="1" ind2=" ">
    <subfield code="a">Tejedor, Gustavo García Gómez-</subfield>
  </datafield>
  <datafield tag="670" ind1=" " ind2=" ">
    <subfield code="a">Radiation damage in biomolecular systems, c2012:</subfield>
    <subfield code="b">t.p. (Gustavo García Gómez-Tejedor) verso (Prof. Gustavo García Gómez-Tejedor, Instituto de Fisica Fundamental, Consejo Superior de Investigaciones Cientificas, Madrid)</subfield>
  </datafield>
</record>